<?xml version="1.0" encoding="UTF-8"?><collection xmlns="http://www.loc.gov/MARC21/slim"><record><leader>00418nam--2200133-i-4500</leader><controlfield tag="001">000001763</controlfield><controlfield tag="002">20161230</controlfield><controlfield tag="005">20161230201024</controlfield><controlfield tag="008">060222s1000------------r-----000-0-eng-d</controlfield><datafield ind1=" " ind2=" " tag="080"><subfield code="a">546.212</subfield></datafield><datafield ind1=" " ind2=" " tag="100"><subfield code="a">Compiled By Dorsey, Ernest N</subfield></datafield><datafield ind1=" " ind2=" " tag="245"><subfield code="a">Properties of ordinary water-substance.in all its phases:water-vapor, water, and all the ices</subfield></datafield><datafield ind1=" " ind2=" " tag="260"><subfield code="a">New York, Hafner Publishing Co., 1968. Xxiv + 673 P</subfield></datafield><datafield ind1=" " ind2=" " tag="852"><subfield code="a">33089</subfield></datafield></record></collection>